@misc{citationexample,
    author    = "AuthorName",
    title     = "ArticleTitle",
    howpublished = {\url{https://put_your_url_here.ok}},
}
